% Encoding: UTF-8

@book{drawioCode,
  title={drawio},
  author={JGraph Ltd},
  url={https://github.com/jgraph/drawio},
  year={2022},
  urldate = {2022-07-27},
  publisher={GitHub},
  journal = {GitHub repository}
}

